<record><leader>00000cas a2200000 a 4500</leader><controlfield tag="001">27395347</controlfield><controlfield tag="008">930208d18uu1911cauwr ne      0    0eng c</controlfield><datafield ind1=" " ind2=" " tag="010"><subfield code="a">sn 93052966 </subfield></datafield><datafield ind1=" " ind2=" " tag="040"><subfield code="a">CNK</subfield><subfield code="b">eng</subfield><subfield code="c">CNK</subfield><subfield code="d">OCL</subfield><subfield code="d">CNK</subfield><subfield code="d">OCLCQ</subfield><subfield code="d">OCLCF</subfield><subfield code="d">OCLCO</subfield></datafield><datafield ind1="1" ind2=" " tag="029"><subfield code="a">AU@</subfield><subfield code="b">000020230085</subfield></datafield><datafield ind1=" " ind2=" " tag="042"><subfield code="a">pcc</subfield></datafield><datafield ind1=" " ind2=" " tag="043"><subfield code="a">n-us-ca</subfield></datafield><datafield ind1="0" ind2="0" tag="245"><subfield code="a">Del Norte record.</subfield></datafield><datafield ind1=" " ind2=" " tag="260"><subfield code="a">Crescent City, Del Norte County, Calif. :</subfield><subfield code="b">J.E. Eldredge</subfield></datafield><datafield ind1=" " ind2=" " tag="300"><subfield code="a">v.</subfield></datafield><datafield ind1=" " ind2=" " tag="310"><subfield code="a">Weekly</subfield></datafield><datafield ind1="0" ind2=" " tag="362"><subfield code="a">-v. 33, no. 35 (Dec. 30, 1911).</subfield></datafield><datafield ind1=" " ind2=" " tag="530"><subfield code="a">Master negatives are available for duplication from:</subfield><subfield code="b">California Newspaper Microfilm Archive;</subfield><subfield code="c">positive copies may be purchased by the reel; for further information consult the CNMA at:</subfield><subfield code="u">http://cbsr.ucr.edu</subfield></datafield><datafield ind1=" " ind2=" " tag="580"><subfield code="a">Merged with: Coast times, and: Crescent City news, to form: Del Norte triplicate.</subfield></datafield><datafield ind1=" " ind2=" " tag="588"><subfield code="a">Description based on: Vol. 2, no. 1 (May 8, 1880).</subfield></datafield><datafield ind1=" " ind2="0" tag="651"><subfield code="a">Del Norte County (Calif.)</subfield><subfield code="v">Newspapers.</subfield></datafield><datafield ind1=" " ind2="7" tag="655"><subfield code="a">Newspapers.</subfield><subfield code="2">fast</subfield><subfield code="0">(OCoLC)fst01423814</subfield></datafield><datafield ind1=" " ind2="7" tag="651"><subfield code="a">California</subfield><subfield code="z">Del Norte County.</subfield><subfield code="2">fast</subfield><subfield code="0">(OCoLC)fst01215841</subfield></datafield><datafield ind1=" " ind2=" " tag="752"><subfield code="a">United States</subfield><subfield code="b">California</subfield><subfield code="c">Del Norte</subfield><subfield code="d">Crescent City.</subfield></datafield><datafield ind1="0" ind2="5" tag="780"><subfield code="t">Crescent City courier</subfield><subfield code="w">(DLC)sn 93052075</subfield></datafield><datafield ind1="1" ind2="7" tag="785"><subfield code="t">Coast times</subfield><subfield code="w">(DLC)sn 98061659</subfield></datafield><datafield ind1="1" ind2="7" tag="785"><subfield code="t">Crescent City news</subfield><subfield code="w">(DLC)sn 93052967</subfield></datafield><datafield ind1="1" ind2="7" tag="785"><subfield code="t">Del Norte triplicate</subfield><subfield code="w">(DLC)sn 93052968</subfield></datafield></record>